<?xml version="1.0" encoding="UTF-8"?><collection xmlns="http://www.loc.gov/MARC21/slim"><record><leader>00464nam--2200133-i-4500</leader><controlfield tag="001">000004481</controlfield><controlfield tag="002">20161230</controlfield><controlfield tag="005">20170219233356</controlfield><controlfield tag="008">060222s1000------------r-----000-0-eng-d</controlfield><datafield ind1=" " ind2=" " tag="100"><subfield code="a">Dini, Dino</subfield></datafield><datafield ind1=" " ind2=" " tag="245"><subfield code="a">Esame di possibili soluzioni dell autoreattore subacqueo a funzionamento continuo o pulsante. Pubblicazioni della facolta d ing.di Pisa. serie XVII, no.832</subfield></datafield><datafield ind1=" " ind2=" " tag="260"><subfield code="a">Pisa</subfield><subfield code="b">Litografia Felici S</subfield><subfield code="c">1957</subfield></datafield><datafield ind1=" " ind2=" " tag="300"><subfield code="a">44 p., 11 Fig</subfield></datafield><datafield ind1=" " ind2=" " tag="CAT"><subfield code="a">SYS</subfield><subfield code="c">20170219</subfield><subfield code="h">233356</subfield></datafield></record></collection>